%YAML 1.1
%TAG !u! tag:unity3d.com,2011:
--- !u!29 &1
OcclusionCullingSettings:
  m_ObjectHideFlags: 0
  serializedVersion: 2
  m_OcclusionBakeSettings:
    smallestOccluder: 5
    smallestHole: 0.25
    backfaceThreshold: 100
  m_SceneGUID: 00000000000000000000000000000000
  m_OcclusionCullingData: {fileID: 0}
--- !u!104 &2
RenderSettings:
  m_ObjectHideFlags: 0
  serializedVersion: 9
  m_Fog: 0
  m_FogColor: {r: 0.5, g: 0.5, b: 0.5, a: 1}
  m_FogMode: 3
  m_FogDensity: 0.01
  m_LinearFogStart: 0
  m_LinearFogEnd: 300
  m_AmbientSkyColor: {r: 0.212, g: 0.227, b: 0.259, a: 1}
  m_AmbientEquatorColor: {r: 0.114, g: 0.125, b: 0.133, a: 1}
  m_AmbientGroundColor: {r: 0.047, g: 0.043, b: 0.035, a: 1}
  m_AmbientIntensity: 1
  m_AmbientMode: 0
  m_SubtractiveShadowColor: {r: 0.42, g: 0.478, b: 0.627, a: 1}
  m_SkyboxMaterial: {fileID: 10304, guid: 0000000000000000f000000000000000, type: 0}
  m_HaloStrength: 0.5
  m_FlareStrength: 1
  m_FlareFadeSpeed: 3
  m_HaloTexture: {fileID: 0}
  m_SpotCookie: {fileID: 10001, guid: 0000000000000000e000000000000000, type: 0}
  m_DefaultReflectionMode: 0
  m_DefaultReflectionResolution: 128
  m_ReflectionBounces: 1
  m_ReflectionIntensity: 1
  m_CustomReflection: {fileID: 0}
  m_Sun: {fileID: 170076734}
  m_IndirectSpecularColor: {r: 0.44657898, g: 0.4964133, b: 0.5748178, a: 1}
  m_UseRadianceAmbientProbe: 0
--- !u!157 &3
LightmapSettings:
  m_ObjectHideFlags: 0
  serializedVersion: 11
  m_GIWorkflowMode: 0
  m_GISettings:
    serializedVersion: 2
    m_BounceScale: 1
    m_IndirectOutputScale: 1
    m_AlbedoBoost: 1
    m_EnvironmentLightingMode: 0
    m_EnableBakedLightmaps: 1
    m_EnableRealtimeLightmaps: 0
  m_LightmapEditorSettings:
    serializedVersion: 10
    m_Resolution: 2
    m_BakeResolution: 10
    m_AtlasSize: 512
    m_AO: 0
    m_AOMaxDistance: 1
    m_CompAOExponent: 1
    m_CompAOExponentDirect: 0
    m_Padding: 2
    m_LightmapParameters: {fileID: 0}
    m_LightmapsBakeMode: 1
    m_TextureCompression: 1
    m_FinalGather: 0
    m_FinalGatherFiltering: 1
    m_FinalGatherRayCount: 256
    m_ReflectionCompression: 2
    m_MixedBakeMode: 2
    m_BakeBackend: 1
    m_PVRSampling: 1
    m_PVRDirectSampleCount: 32
    m_PVRSampleCount: 256
    m_PVRBounces: 2
    m_PVRFilterTypeDirect: 0
    m_PVRFilterTypeIndirect: 0
    m_PVRFilterTypeAO: 0
    m_PVRFilteringMode: 1
    m_PVRCulling: 1
    m_PVRFilteringGaussRadiusDirect: 1
    m_PVRFilteringGaussRadiusIndirect: 5
    m_PVRFilteringGaussRadiusAO: 2
    m_PVRFilteringAtrousPositionSigmaDirect: 0.5
    m_PVRFilteringAtrousPositionSigmaIndirect: 2
    m_PVRFilteringAtrousPositionSigmaAO: 1
    m_ShowResolutionOverlay: 1
  m_LightingDataAsset: {fileID: 0}
  m_UseShadowmask: 1
--- !u!196 &4
NavMeshSettings:
  serializedVersion: 2
  m_ObjectHideFlags: 0
  m_BuildSettings:
    serializedVersion: 2
    agentTypeID: 0
    agentRadius: 0.5
    agentHeight: 2
    agentSlope: 45
    agentClimb: 0.4
    ledgeDropHeight: 0
    maxJumpAcrossDistance: 0
    minRegionArea: 2
    manualCellSize: 0
    cellSize: 0.16666667
    manualTileSize: 0
    tileSize: 256
    accuratePlacement: 0
    debug:
      m_Flags: 0
  m_NavMeshData: {fileID: 0}
--- !u!1 &170076733
GameObject:
  m_ObjectHideFlags: 0
  m_CorrespondingSourceObject: {fileID: 0}
  m_PrefabInstance: {fileID: 0}
  m_PrefabAsset: {fileID: 0}
  serializedVersion: 6
  m_Component:
  - component: {fileID: 170076735}
  - component: {fileID: 170076734}
  m_Layer: 0
  m_Name: Directional Light
  m_TagString: Untagged
  m_Icon: {fileID: 0}
  m_NavMeshLayer: 0
  m_StaticEditorFlags: 0
  m_IsActive: 1
--- !u!108 &170076734
Light:
  m_ObjectHideFlags: 0
  m_CorrespondingSourceObject: {fileID: 0}
  m_PrefabInstance: {fileID: 0}
  m_PrefabAsset: {fileID: 0}
  m_GameObject: {fileID: 170076733}
  m_Enabled: 1
  serializedVersion: 8
  m_Type: 1
  m_Color: {r: 1, g: 0.95686275, b: 0.8392157, a: 1}
  m_Intensity: 1
  m_Range: 10
  m_SpotAngle: 30
  m_CookieSize: 10
  m_Shadows:
    m_Type: 2
    m_Resolution: -1
    m_CustomResolution: -1
    m_Strength: 1
    m_Bias: 0.05
    m_NormalBias: 0.4
    m_NearPlane: 0.2
  m_Cookie: {fileID: 0}
  m_DrawHalo: 0
  m_Flare: {fileID: 0}
  m_RenderMode: 0
  m_CullingMask:
    serializedVersion: 2
    m_Bits: 4294967295
  m_Lightmapping: 1
  m_LightShadowCasterMode: 0
  m_AreaSize: {x: 1, y: 1}
  m_BounceIntensity: 1
  m_ColorTemperature: 6570
  m_UseColorTemperature: 0
  m_ShadowRadius: 0
  m_ShadowAngle: 0
--- !u!4 &170076735
Transform:
  m_ObjectHideFlags: 0
  m_CorrespondingSourceObject: {fileID: 0}
  m_PrefabInstance: {fileID: 0}
  m_PrefabAsset: {fileID: 0}
  m_GameObject: {fileID: 170076733}
  m_LocalRotation: {x: 0.40821788, y: -0.23456968, z: 0.10938163, w: 0.8754261}
  m_LocalPosition: {x: 0, y: 3, z: 0}
  m_LocalScale: {x: 1, y: 1, z: 1}
  m_Children: []
  m_Father: {fileID: 0}
  m_RootOrder: 3
  m_LocalEulerAnglesHint: {x: 50, y: -30, z: 0}
--- !u!1001 &383119507
PrefabInstance:
  m_ObjectHideFlags: 0
  serializedVersion: 2
  m_Modification:
    m_TransformParent: {fileID: 0}
    m_Modifications:
    - target: {fileID: 9073397430511930966, guid: 4df249d6b07dde342b1a5e64833e150c,
        type: 3}
      propertyPath: m_Name
      value: Drone (2)
      objectReference: {fileID: 0}
    - target: {fileID: 9073397430511930963, guid: 4df249d6b07dde342b1a5e64833e150c,
        type: 3}
      propertyPath: m_LocalPosition.x
      value: -11.24
      objectReference: {fileID: 0}
    - target: {fileID: 9073397430511930963, guid: 4df249d6b07dde342b1a5e64833e150c,
        type: 3}
      propertyPath: m_LocalPosition.y
      value: 0.542
      objectReference: {fileID: 0}
    - target: {fileID: 9073397430511930963, guid: 4df249d6b07dde342b1a5e64833e150c,
        type: 3}
      propertyPath: m_LocalPosition.z
      value: -10.15
      objectReference: {fileID: 0}
    - target: {fileID: 9073397430511930963, guid: 4df249d6b07dde342b1a5e64833e150c,
        type: 3}
      propertyPath: m_LocalRotation.x
      value: 0
      objectReference: {fileID: 0}
    - target: {fileID: 9073397430511930963, guid: 4df249d6b07dde342b1a5e64833e150c,
        type: 3}
      propertyPath: m_LocalRotation.y
      value: 0
      objectReference: {fileID: 0}
    - target: {fileID: 9073397430511930963, guid: 4df249d6b07dde342b1a5e64833e150c,
        type: 3}
      propertyPath: m_LocalRotation.z
      value: 0
      objectReference: {fileID: 0}
    - target: {fileID: 9073397430511930963, guid: 4df249d6b07dde342b1a5e64833e150c,
        type: 3}
      propertyPath: m_LocalRotation.w
      value: 1
      objectReference: {fileID: 0}
    - target: {fileID: 9073397430511930963, guid: 4df249d6b07dde342b1a5e64833e150c,
        type: 3}
      propertyPath: m_RootOrder
      value: 9
      objectReference: {fileID: 0}
    - target: {fileID: 9073397430511930963, guid: 4df249d6b07dde342b1a5e64833e150c,
        type: 3}
      propertyPath: m_LocalEulerAnglesHint.x
      value: 0
      objectReference: {fileID: 0}
    - target: {fileID: 9073397430511930963, guid: 4df249d6b07dde342b1a5e64833e150c,
        type: 3}
      propertyPath: m_LocalEulerAnglesHint.y
      value: 0
      objectReference: {fileID: 0}
    - target: {fileID: 9073397430511930963, guid: 4df249d6b07dde342b1a5e64833e150c,
        type: 3}
      propertyPath: m_LocalEulerAnglesHint.z
      value: 0
      objectReference: {fileID: 0}
    - target: {fileID: 9073397430511930964, guid: 4df249d6b07dde342b1a5e64833e150c,
        type: 3}
      propertyPath: patrolPath.Array.size
      value: 2
      objectReference: {fileID: 0}
    - target: {fileID: 9073397430511930964, guid: 4df249d6b07dde342b1a5e64833e150c,
        type: 3}
      propertyPath: patrolPath.Array.data[0]
      value: 
      objectReference: {fileID: 7203225184613885859}
    - target: {fileID: 9073397430511930964, guid: 4df249d6b07dde342b1a5e64833e150c,
        type: 3}
      propertyPath: patrolPath.Array.data[1]
      value: 
      objectReference: {fileID: 1078350050770148394}
    - target: {fileID: 9073397430511930964, guid: 4df249d6b07dde342b1a5e64833e150c,
        type: 3}
      propertyPath: patrolPath.Array.data[2]
      value: 
      objectReference: {fileID: 7328072197554331608}
    - target: {fileID: 9073397430511930964, guid: 4df249d6b07dde342b1a5e64833e150c,
        type: 3}
      propertyPath: patrolPath.Array.data[3]
      value: 
      objectReference: {fileID: 954524912724800441}
    - target: {fileID: 9073397430511930964, guid: 4df249d6b07dde342b1a5e64833e150c,
        type: 3}
      propertyPath: patrolPath.Array.data[4]
      value: 
      objectReference: {fileID: 3002198113929357552}
    - target: {fileID: 9073397430511930964, guid: 4df249d6b07dde342b1a5e64833e150c,
        type: 3}
      propertyPath: patrolPath.Array.data[5]
      value: 
      objectReference: {fileID: 8380797812727036324}
    - target: {fileID: 9073397430511930964, guid: 4df249d6b07dde342b1a5e64833e150c,
        type: 3}
      propertyPath: patrolPath.Array.data[6]
      value: 
      objectReference: {fileID: 3755377391007953641}
    m_RemovedComponents: []
  m_SourcePrefab: {fileID: 100100000, guid: 4df249d6b07dde342b1a5e64833e150c, type: 3}
--- !u!4 &511440605 stripped
Transform:
  m_CorrespondingSourceObject: {fileID: 4832031578413854, guid: 4efdc095f88074e53a4f28617077b108,
    type: 3}
  m_PrefabInstance: {fileID: 4642997545903179414}
  m_PrefabAsset: {fileID: 0}
--- !u!4 &587888538 stripped
Transform:
  m_CorrespondingSourceObject: {fileID: 1245160477103708985, guid: a605479bd2d86454b9c5e33b4459e24d,
    type: 3}
  m_PrefabInstance: {fileID: 1245160477623135395}
  m_PrefabAsset: {fileID: 0}
--- !u!1 &935294521
GameObject:
  m_ObjectHideFlags: 0
  m_CorrespondingSourceObject: {fileID: 0}
  m_PrefabInstance: {fileID: 0}
  m_PrefabAsset: {fileID: 0}
  serializedVersion: 6
  m_Component:
  - component: {fileID: 935294522}
  m_Layer: 0
  m_Name: Paths
  m_TagString: Untagged
  m_Icon: {fileID: 0}
  m_NavMeshLayer: 0
  m_StaticEditorFlags: 0
  m_IsActive: 1
--- !u!4 &935294522
Transform:
  m_ObjectHideFlags: 0
  m_CorrespondingSourceObject: {fileID: 0}
  m_PrefabInstance: {fileID: 0}
  m_PrefabAsset: {fileID: 0}
  m_GameObject: {fileID: 935294521}
  m_LocalRotation: {x: 0, y: 0, z: 0, w: 1}
  m_LocalPosition: {x: 0, y: 0, z: 0}
  m_LocalScale: {x: 1, y: 1, z: 1}
  m_Children:
  - {fileID: 1653679911}
  - {fileID: 1472622253913851909}
  - {fileID: 6400223860818366824}
  - {fileID: 888868876431505011}
  - {fileID: 5830631967186064708}
  m_Father: {fileID: 0}
  m_RootOrder: 7
  m_LocalEulerAnglesHint: {x: 0, y: 0, z: 0}
--- !u!1001 &1046094604
PrefabInstance:
  m_ObjectHideFlags: 0
  serializedVersion: 2
  m_Modification:
    m_TransformParent: {fileID: 0}
    m_Modifications:
    - target: {fileID: 9073397430511930966, guid: 4df249d6b07dde342b1a5e64833e150c,
        type: 3}
      propertyPath: m_Name
      value: Drone (4)
      objectReference: {fileID: 0}
    - target: {fileID: 9073397430511930963, guid: 4df249d6b07dde342b1a5e64833e150c,
        type: 3}
      propertyPath: m_LocalPosition.x
      value: 6.36
      objectReference: {fileID: 0}
    - target: {fileID: 9073397430511930963, guid: 4df249d6b07dde342b1a5e64833e150c,
        type: 3}
      propertyPath: m_LocalPosition.y
      value: 0.542
      objectReference: {fileID: 0}
    - target: {fileID: 9073397430511930963, guid: 4df249d6b07dde342b1a5e64833e150c,
        type: 3}
      propertyPath: m_LocalPosition.z
      value: -3.05
      objectReference: {fileID: 0}
    - target: {fileID: 9073397430511930963, guid: 4df249d6b07dde342b1a5e64833e150c,
        type: 3}
      propertyPath: m_LocalRotation.x
      value: 0
      objectReference: {fileID: 0}
    - target: {fileID: 9073397430511930963, guid: 4df249d6b07dde342b1a5e64833e150c,
        type: 3}
      propertyPath: m_LocalRotation.y
      value: 0
      objectReference: {fileID: 0}
    - target: {fileID: 9073397430511930963, guid: 4df249d6b07dde342b1a5e64833e150c,
        type: 3}
      propertyPath: m_LocalRotation.z
      value: 0
      objectReference: {fileID: 0}
    - target: {fileID: 9073397430511930963, guid: 4df249d6b07dde342b1a5e64833e150c,
        type: 3}
      propertyPath: m_LocalRotation.w
      value: 1
      objectReference: {fileID: 0}
    - target: {fileID: 9073397430511930963, guid: 4df249d6b07dde342b1a5e64833e150c,
        type: 3}
      propertyPath: m_RootOrder
      value: 11
      objectReference: {fileID: 0}
    - target: {fileID: 9073397430511930963, guid: 4df249d6b07dde342b1a5e64833e150c,
        type: 3}
      propertyPath: m_LocalEulerAnglesHint.x
      value: 0
      objectReference: {fileID: 0}
    - target: {fileID: 9073397430511930963, guid: 4df249d6b07dde342b1a5e64833e150c,
        type: 3}
      propertyPath: m_LocalEulerAnglesHint.y
      value: 0
      objectReference: {fileID: 0}
    - target: {fileID: 9073397430511930963, guid: 4df249d6b07dde342b1a5e64833e150c,
        type: 3}
      propertyPath: m_LocalEulerAnglesHint.z
      value: 0
      objectReference: {fileID: 0}
    - target: {fileID: 9073397430511930964, guid: 4df249d6b07dde342b1a5e64833e150c,
        type: 3}
      propertyPath: patrolPath.Array.size
      value: 4
      objectReference: {fileID: 0}
    - target: {fileID: 9073397430511930964, guid: 4df249d6b07dde342b1a5e64833e150c,
        type: 3}
      propertyPath: patrolPath.Array.data[0]
      value: 
      objectReference: {fileID: 7997498496085653932}
    - target: {fileID: 9073397430511930964, guid: 4df249d6b07dde342b1a5e64833e150c,
        type: 3}
      propertyPath: patrolPath.Array.data[1]
      value: 
      objectReference: {fileID: 8434296226726223407}
    - target: {fileID: 9073397430511930964, guid: 4df249d6b07dde342b1a5e64833e150c,
        type: 3}
      propertyPath: patrolPath.Array.data[2]
      value: 
      objectReference: {fileID: 8259560801502051539}
    - target: {fileID: 9073397430511930964, guid: 4df249d6b07dde342b1a5e64833e150c,
        type: 3}
      propertyPath: patrolPath.Array.data[3]
      value: 
      objectReference: {fileID: 4105356005356156897}
    - target: {fileID: 9073397430511930964, guid: 4df249d6b07dde342b1a5e64833e150c,
        type: 3}
      propertyPath: patrolPath.Array.data[4]
      value: 
      objectReference: {fileID: 3002198113929357552}
    - target: {fileID: 9073397430511930964, guid: 4df249d6b07dde342b1a5e64833e150c,
        type: 3}
      propertyPath: patrolPath.Array.data[5]
      value: 
      objectReference: {fileID: 8380797812727036324}
    - target: {fileID: 9073397430511930964, guid: 4df249d6b07dde342b1a5e64833e150c,
        type: 3}
      propertyPath: patrolPath.Array.data[6]
      value: 
      objectReference: {fileID: 3755377391007953641}
    m_RemovedComponents: []
  m_SourcePrefab: {fileID: 100100000, guid: 4df249d6b07dde342b1a5e64833e150c, type: 3}
--- !u!1001 &1104356496
PrefabInstance:
  m_ObjectHideFlags: 0
  serializedVersion: 2
  m_Modification:
    m_TransformParent: {fileID: 0}
    m_Modifications:
    - target: {fileID: 493191333137029207, guid: 6fb8e289bbde3c143b40a1dc526925dd,
        type: 3}
      propertyPath: m_Name
      value: GameManger
      objectReference: {fileID: 0}
    - target: {fileID: 493191333137029210, guid: 6fb8e289bbde3c143b40a1dc526925dd,
        type: 3}
      propertyPath: m_LocalPosition.x
      value: 0
      objectReference: {fileID: 0}
    - target: {fileID: 493191333137029210, guid: 6fb8e289bbde3c143b40a1dc526925dd,
        type: 3}
      propertyPath: m_LocalPosition.y
      value: 0
      objectReference: {fileID: 0}
    - target: {fileID: 493191333137029210, guid: 6fb8e289bbde3c143b40a1dc526925dd,
        type: 3}
      propertyPath: m_LocalPosition.z
      value: 0
      objectReference: {fileID: 0}
    - target: {fileID: 493191333137029210, guid: 6fb8e289bbde3c143b40a1dc526925dd,
        type: 3}
      propertyPath: m_LocalRotation.x
      value: 0
      objectReference: {fileID: 0}
    - target: {fileID: 493191333137029210, guid: 6fb8e289bbde3c143b40a1dc526925dd,
        type: 3}
      propertyPath: m_LocalRotation.y
      value: 0
      objectReference: {fileID: 0}
    - target: {fileID: 493191333137029210, guid: 6fb8e289bbde3c143b40a1dc526925dd,
        type: 3}
      propertyPath: m_LocalRotation.z
      value: 0
      objectReference: {fileID: 0}
    - target: {fileID: 493191333137029210, guid: 6fb8e289bbde3c143b40a1dc526925dd,
        type: 3}
      propertyPath: m_LocalRotation.w
      value: 1
      objectReference: {fileID: 0}
    - target: {fileID: 493191333137029210, guid: 6fb8e289bbde3c143b40a1dc526925dd,
        type: 3}
      propertyPath: m_RootOrder
      value: 13
      objectReference: {fileID: 0}
    - target: {fileID: 493191333137029210, guid: 6fb8e289bbde3c143b40a1dc526925dd,
        type: 3}
      propertyPath: m_LocalEulerAnglesHint.x
      value: 0
      objectReference: {fileID: 0}
    - target: {fileID: 493191333137029210, guid: 6fb8e289bbde3c143b40a1dc526925dd,
        type: 3}
      propertyPath: m_LocalEulerAnglesHint.y
      value: 0
      objectReference: {fileID: 0}
    - target: {fileID: 493191333137029210, guid: 6fb8e289bbde3c143b40a1dc526925dd,
        type: 3}
      propertyPath: m_LocalEulerAnglesHint.z
      value: 0
      objectReference: {fileID: 0}
    m_RemovedComponents: []
  m_SourcePrefab: {fileID: 100100000, guid: 6fb8e289bbde3c143b40a1dc526925dd, type: 3}
--- !u!114 &1211229446 stripped
MonoBehaviour:
  m_CorrespondingSourceObject: {fileID: 4519673714140449642, guid: 7258ffb1195d4dc4695f8c1af3d72646,
    type: 3}
  m_PrefabInstance: {fileID: 8902602481216453231}
  m_PrefabAsset: {fileID: 0}
  m_GameObject: {fileID: 0}
  m_Enabled: 1
  m_EditorHideFlags: 0
  m_Script: {fileID: 11500000, guid: 9e1f6c513d242c748b7d09fc38bc6dc8, type: 3}
  m_Name: 
  m_EditorClassIdentifier: 
--- !u!1001 &1211247116
PrefabInstance:
  m_ObjectHideFlags: 0
  serializedVersion: 2
  m_Modification:
    m_TransformParent: {fileID: 0}
    m_Modifications:
    - target: {fileID: 3920986651678472493, guid: 5f90b2c75711182488ab9428948aaa44,
        type: 3}
      propertyPath: m_Name
      value: SceneLoader
      objectReference: {fileID: 0}
    - target: {fileID: 3920986651678472495, guid: 5f90b2c75711182488ab9428948aaa44,
        type: 3}
      propertyPath: m_LocalPosition.x
      value: 0
      objectReference: {fileID: 0}
    - target: {fileID: 3920986651678472495, guid: 5f90b2c75711182488ab9428948aaa44,
        type: 3}
      propertyPath: m_LocalPosition.y
      value: 0
      objectReference: {fileID: 0}
    - target: {fileID: 3920986651678472495, guid: 5f90b2c75711182488ab9428948aaa44,
        type: 3}
      propertyPath: m_LocalPosition.z
      value: 0
      objectReference: {fileID: 0}
    - target: {fileID: 3920986651678472495, guid: 5f90b2c75711182488ab9428948aaa44,
        type: 3}
      propertyPath: m_LocalRotation.x
      value: 0
      objectReference: {fileID: 0}
    - target: {fileID: 3920986651678472495, guid: 5f90b2c75711182488ab9428948aaa44,
        type: 3}
      propertyPath: m_LocalRotation.y
      value: 0
      objectReference: {fileID: 0}
    - target: {fileID: 3920986651678472495, guid: 5f90b2c75711182488ab9428948aaa44,
        type: 3}
      propertyPath: m_LocalRotation.z
      value: 0
      objectReference: {fileID: 0}
    - target: {fileID: 3920986651678472495, guid: 5f90b2c75711182488ab9428948aaa44,
        type: 3}
      propertyPath: m_LocalRotation.w
      value: 1
      objectReference: {fileID: 0}
    - target: {fileID: 3920986651678472495, guid: 5f90b2c75711182488ab9428948aaa44,
        type: 3}
      propertyPath: m_RootOrder
      value: 12
      objectReference: {fileID: 0}
    - target: {fileID: 3920986651678472495, guid: 5f90b2c75711182488ab9428948aaa44,
        type: 3}
      propertyPath: m_LocalEulerAnglesHint.x
      value: 0
      objectReference: {fileID: 0}
    - target: {fileID: 3920986651678472495, guid: 5f90b2c75711182488ab9428948aaa44,
        type: 3}
      propertyPath: m_LocalEulerAnglesHint.y
      value: 0
      objectReference: {fileID: 0}
    - target: {fileID: 3920986651678472495, guid: 5f90b2c75711182488ab9428948aaa44,
        type: 3}
      propertyPath: m_LocalEulerAnglesHint.z
      value: 0
      objectReference: {fileID: 0}
    m_RemovedComponents: []
  m_SourcePrefab: {fileID: 100100000, guid: 5f90b2c75711182488ab9428948aaa44, type: 3}
--- !u!4 &1469843223 stripped
Transform:
  m_CorrespondingSourceObject: {fileID: 1245160476238228404, guid: a605479bd2d86454b9c5e33b4459e24d,
    type: 3}
  m_PrefabInstance: {fileID: 1245160477623135395}
  m_PrefabAsset: {fileID: 0}
--- !u!4 &1653679911 stripped
Transform:
  m_CorrespondingSourceObject: {fileID: 1245160476053343108, guid: a605479bd2d86454b9c5e33b4459e24d,
    type: 3}
  m_PrefabInstance: {fileID: 1245160477623135395}
  m_PrefabAsset: {fileID: 0}
--- !u!114 &1851241420 stripped
MonoBehaviour:
  m_CorrespondingSourceObject: {fileID: 7344036614675795642, guid: 7258ffb1195d4dc4695f8c1af3d72646,
    type: 3}
  m_PrefabInstance: {fileID: 8902602481216453231}
  m_PrefabAsset: {fileID: 0}
  m_GameObject: {fileID: 0}
  m_Enabled: 1
  m_EditorHideFlags: 0
  m_Script: {fileID: 11500000, guid: 9e1f6c513d242c748b7d09fc38bc6dc8, type: 3}
  m_Name: 
  m_EditorClassIdentifier: 
--- !u!1 &1901162319
GameObject:
  m_ObjectHideFlags: 0
  m_CorrespondingSourceObject: {fileID: 0}
  m_PrefabInstance: {fileID: 0}
  m_PrefabAsset: {fileID: 0}
  serializedVersion: 6
  m_Component:
  - component: {fileID: 1901162322}
  - component: {fileID: 1901162321}
  - component: {fileID: 1901162320}
  m_Layer: 0
  m_Name: EventSystem
  m_TagString: Untagged
  m_Icon: {fileID: 0}
  m_NavMeshLayer: 0
  m_StaticEditorFlags: 0
  m_IsActive: 1
--- !u!114 &1901162320
MonoBehaviour:
  m_ObjectHideFlags: 0
  m_CorrespondingSourceObject: {fileID: 0}
  m_PrefabInstance: {fileID: 0}
  m_PrefabAsset: {fileID: 0}
  m_GameObject: {fileID: 1901162319}
  m_Enabled: 1
  m_EditorHideFlags: 0
  m_Script: {fileID: 1077351063, guid: f70555f144d8491a825f0804e09c671c, type: 3}
  m_Name: 
  m_EditorClassIdentifier: 
  m_HorizontalAxis: Horizontal
  m_VerticalAxis: Vertical
  m_SubmitButton: Submit
  m_CancelButton: Cancel
  m_InputActionsPerSecond: 10
  m_RepeatDelay: 0.5
  m_ForceModuleActive: 0
--- !u!114 &1901162321
MonoBehaviour:
  m_ObjectHideFlags: 0
  m_CorrespondingSourceObject: {fileID: 0}
  m_PrefabInstance: {fileID: 0}
  m_PrefabAsset: {fileID: 0}
  m_GameObject: {fileID: 1901162319}
  m_Enabled: 1
  m_EditorHideFlags: 0
  m_Script: {fileID: -619905303, guid: f70555f144d8491a825f0804e09c671c, type: 3}
  m_Name: 
  m_EditorClassIdentifier: 
  m_FirstSelected: {fileID: 0}
  m_sendNavigationEvents: 1
  m_DragThreshold: 10
--- !u!4 &1901162322
Transform:
  m_ObjectHideFlags: 0
  m_CorrespondingSourceObject: {fileID: 0}
  m_PrefabInstance: {fileID: 0}
  m_PrefabAsset: {fileID: 0}
  m_GameObject: {fileID: 1901162319}
  m_LocalRotation: {x: 0, y: 0, z: 0, w: 1}
  m_LocalPosition: {x: 0, y: 0, z: 0}
  m_LocalScale: {x: 1, y: 1, z: 1}
  m_Children: []
  m_Father: {fileID: 0}
  m_RootOrder: 4
  m_LocalEulerAnglesHint: {x: 0, y: 0, z: 0}
--- !u!1001 &2018997801
PrefabInstance:
  m_ObjectHideFlags: 0
  serializedVersion: 2
  m_Modification:
    m_TransformParent: {fileID: 0}
    m_Modifications:
    - target: {fileID: 9073397430511930966, guid: 4df249d6b07dde342b1a5e64833e150c,
        type: 3}
      propertyPath: m_Name
      value: Drone (1)
      objectReference: {fileID: 0}
    - target: {fileID: 9073397430511930963, guid: 4df249d6b07dde342b1a5e64833e150c,
        type: 3}
      propertyPath: m_LocalPosition.x
      value: -2.01
      objectReference: {fileID: 0}
    - target: {fileID: 9073397430511930963, guid: 4df249d6b07dde342b1a5e64833e150c,
        type: 3}
      propertyPath: m_LocalPosition.y
      value: 0.542
      objectReference: {fileID: 0}
    - target: {fileID: 9073397430511930963, guid: 4df249d6b07dde342b1a5e64833e150c,
        type: 3}
      propertyPath: m_LocalPosition.z
      value: -12.51
      objectReference: {fileID: 0}
    - target: {fileID: 9073397430511930963, guid: 4df249d6b07dde342b1a5e64833e150c,
        type: 3}
      propertyPath: m_LocalRotation.x
      value: 0
      objectReference: {fileID: 0}
    - target: {fileID: 9073397430511930963, guid: 4df249d6b07dde342b1a5e64833e150c,
        type: 3}
      propertyPath: m_LocalRotation.y
      value: 0
      objectReference: {fileID: 0}
    - target: {fileID: 9073397430511930963, guid: 4df249d6b07dde342b1a5e64833e150c,
        type: 3}
      propertyPath: m_LocalRotation.z
      value: 0
      objectReference: {fileID: 0}
    - target: {fileID: 9073397430511930963, guid: 4df249d6b07dde342b1a5e64833e150c,
        type: 3}
      propertyPath: m_LocalRotation.w
      value: 1
      objectReference: {fileID: 0}
    - target: {fileID: 9073397430511930963, guid: 4df249d6b07dde342b1a5e64833e150c,
        type: 3}
      propertyPath: m_RootOrder
      value: 8
      objectReference: {fileID: 0}
    - target: {fileID: 9073397430511930963, guid: 4df249d6b07dde342b1a5e64833e150c,
        type: 3}
      propertyPath: m_LocalEulerAnglesHint.x
      value: 0
      objectReference: {fileID: 0}
    - target: {fileID: 9073397430511930963, guid: 4df249d6b07dde342b1a5e64833e150c,
        type: 3}
      propertyPath: m_LocalEulerAnglesHint.y
      value: 0
      objectReference: {fileID: 0}
    - target: {fileID: 9073397430511930963, guid: 4df249d6b07dde342b1a5e64833e150c,
        type: 3}
      propertyPath: m_LocalEulerAnglesHint.z
      value: 0
      objectReference: {fileID: 0}
    - target: {fileID: 9073397430511930964, guid: 4df249d6b07dde342b1a5e64833e150c,
        type: 3}
      propertyPath: patrolPath.Array.size
      value: 7
      objectReference: {fileID: 0}
    - target: {fileID: 9073397430511930964, guid: 4df249d6b07dde342b1a5e64833e150c,
        type: 3}
      propertyPath: patrolPath.Array.data[0]
      value: 
      objectReference: {fileID: 7307386428969549685}
    - target: {fileID: 9073397430511930964, guid: 4df249d6b07dde342b1a5e64833e150c,
        type: 3}
      propertyPath: patrolPath.Array.data[1]
      value: 
      objectReference: {fileID: 7162307405012254061}
    - target: {fileID: 9073397430511930964, guid: 4df249d6b07dde342b1a5e64833e150c,
        type: 3}
      propertyPath: patrolPath.Array.data[2]
      value: 
      objectReference: {fileID: 7328072197554331608}
    - target: {fileID: 9073397430511930964, guid: 4df249d6b07dde342b1a5e64833e150c,
        type: 3}
      propertyPath: patrolPath.Array.data[3]
      value: 
      objectReference: {fileID: 954524912724800441}
    - target: {fileID: 9073397430511930964, guid: 4df249d6b07dde342b1a5e64833e150c,
        type: 3}
      propertyPath: patrolPath.Array.data[4]
      value: 
      objectReference: {fileID: 3002198113929357552}
    - target: {fileID: 9073397430511930964, guid: 4df249d6b07dde342b1a5e64833e150c,
        type: 3}
      propertyPath: patrolPath.Array.data[5]
      value: 
      objectReference: {fileID: 8380797812727036324}
    - target: {fileID: 9073397430511930964, guid: 4df249d6b07dde342b1a5e64833e150c,
        type: 3}
      propertyPath: patrolPath.Array.data[6]
      value: 
      objectReference: {fileID: 3755377391007953641}
    m_RemovedComponents: []
  m_SourcePrefab: {fileID: 100100000, guid: 4df249d6b07dde342b1a5e64833e150c, type: 3}
--- !u!1001 &2064653365
PrefabInstance:
  m_ObjectHideFlags: 0
  serializedVersion: 2
  m_Modification:
    m_TransformParent: {fileID: 0}
    m_Modifications:
    - target: {fileID: 9073397430511930966, guid: 4df249d6b07dde342b1a5e64833e150c,
        type: 3}
      propertyPath: m_Name
      value: Drone (3)
      objectReference: {fileID: 0}
    - target: {fileID: 9073397430511930963, guid: 4df249d6b07dde342b1a5e64833e150c,
        type: 3}
      propertyPath: m_LocalPosition.x
      value: 3.68
      objectReference: {fileID: 0}
    - target: {fileID: 9073397430511930963, guid: 4df249d6b07dde342b1a5e64833e150c,
        type: 3}
      propertyPath: m_LocalPosition.y
      value: 0.542
      objectReference: {fileID: 0}
    - target: {fileID: 9073397430511930963, guid: 4df249d6b07dde342b1a5e64833e150c,
        type: 3}
      propertyPath: m_LocalPosition.z
      value: -14.14
      objectReference: {fileID: 0}
    - target: {fileID: 9073397430511930963, guid: 4df249d6b07dde342b1a5e64833e150c,
        type: 3}
      propertyPath: m_LocalRotation.x
      value: 0
      objectReference: {fileID: 0}
    - target: {fileID: 9073397430511930963, guid: 4df249d6b07dde342b1a5e64833e150c,
        type: 3}
      propertyPath: m_LocalRotation.y
      value: 0
      objectReference: {fileID: 0}
    - target: {fileID: 9073397430511930963, guid: 4df249d6b07dde342b1a5e64833e150c,
        type: 3}
      propertyPath: m_LocalRotation.z
      value: 0
      objectReference: {fileID: 0}
    - target: {fileID: 9073397430511930963, guid: 4df249d6b07dde342b1a5e64833e150c,
        type: 3}
      propertyPath: m_LocalRotation.w
      value: 1
      objectReference: {fileID: 0}
    - target: {fileID: 9073397430511930963, guid: 4df249d6b07dde342b1a5e64833e150c,
        type: 3}
      propertyPath: m_RootOrder
      value: 10
      objectReference: {fileID: 0}
    - target: {fileID: 9073397430511930963, guid: 4df249d6b07dde342b1a5e64833e150c,
        type: 3}
      propertyPath: m_LocalEulerAnglesHint.x
      value: 0
      objectReference: {fileID: 0}
    - target: {fileID: 9073397430511930963, guid: 4df249d6b07dde342b1a5e64833e150c,
        type: 3}
      propertyPath: m_LocalEulerAnglesHint.y
      value: 0
      objectReference: {fileID: 0}
    - target: {fileID: 9073397430511930963, guid: 4df249d6b07dde342b1a5e64833e150c,
        type: 3}
      propertyPath: m_LocalEulerAnglesHint.z
      value: 0
      objectReference: {fileID: 0}
    - target: {fileID: 9073397430511930964, guid: 4df249d6b07dde342b1a5e64833e150c,
        type: 3}
      propertyPath: patrolPath.Array.size
      value: 2
      objectReference: {fileID: 0}
    - target: {fileID: 9073397430511930964, guid: 4df249d6b07dde342b1a5e64833e150c,
        type: 3}
      propertyPath: patrolPath.Array.data[0]
      value: 
      objectReference: {fileID: 2996821410764998750}
    - target: {fileID: 9073397430511930964, guid: 4df249d6b07dde342b1a5e64833e150c,
        type: 3}
      propertyPath: patrolPath.Array.data[1]
      value: 
      objectReference: {fileID: 6439795184602390740}
    - target: {fileID: 9073397430511930964, guid: 4df249d6b07dde342b1a5e64833e150c,
        type: 3}
      propertyPath: patrolPath.Array.data[2]
      value: 
      objectReference: {fileID: 7328072197554331608}
    - target: {fileID: 9073397430511930964, guid: 4df249d6b07dde342b1a5e64833e150c,
        type: 3}
      propertyPath: patrolPath.Array.data[3]
      value: 
      objectReference: {fileID: 954524912724800441}
    - target: {fileID: 9073397430511930964, guid: 4df249d6b07dde342b1a5e64833e150c,
        type: 3}
      propertyPath: patrolPath.Array.data[4]
      value: 
      objectReference: {fileID: 3002198113929357552}
    - target: {fileID: 9073397430511930964, guid: 4df249d6b07dde342b1a5e64833e150c,
        type: 3}
      propertyPath: patrolPath.Array.data[5]
      value: 
      objectReference: {fileID: 8380797812727036324}
    - target: {fileID: 9073397430511930964, guid: 4df249d6b07dde342b1a5e64833e150c,
        type: 3}
      propertyPath: patrolPath.Array.data[6]
      value: 
      objectReference: {fileID: 3755377391007953641}
    m_RemovedComponents: []
  m_SourcePrefab: {fileID: 100100000, guid: 4df249d6b07dde342b1a5e64833e150c, type: 3}
--- !u!1001 &239138384385441776
PrefabInstance:
  m_ObjectHideFlags: 0
  serializedVersion: 2
  m_Modification:
    m_TransformParent: {fileID: 0}
    m_Modifications:
    - target: {fileID: 239138384204404158, guid: fc1c6fe77cf6bf442913c0dc5ea5cd0d,
        type: 3}
      propertyPath: m_Name
      value: Main Camera
      objectReference: {fileID: 0}
    - target: {fileID: 239138384204404129, guid: fc1c6fe77cf6bf442913c0dc5ea5cd0d,
        type: 3}
      propertyPath: m_LocalPosition.x
      value: 0.9
      objectReference: {fileID: 0}
    - target: {fileID: 239138384204404129, guid: fc1c6fe77cf6bf442913c0dc5ea5cd0d,
        type: 3}
      propertyPath: m_LocalPosition.y
      value: 2.132
      objectReference: {fileID: 0}
    - target: {fileID: 239138384204404129, guid: fc1c6fe77cf6bf442913c0dc5ea5cd0d,
        type: 3}
      propertyPath: m_LocalPosition.z
      value: -10.45
      objectReference: {fileID: 0}
    - target: {fileID: 239138384204404129, guid: fc1c6fe77cf6bf442913c0dc5ea5cd0d,
        type: 3}
      propertyPath: m_LocalRotation.x
      value: 0.27345285
      objectReference: {fileID: 0}
    - target: {fileID: 239138384204404129, guid: fc1c6fe77cf6bf442913c0dc5ea5cd0d,
        type: 3}
      propertyPath: m_LocalRotation.y
      value: -0
      objectReference: {fileID: 0}
    - target: {fileID: 239138384204404129, guid: fc1c6fe77cf6bf442913c0dc5ea5cd0d,
        type: 3}
      propertyPath: m_LocalRotation.z
      value: -0
      objectReference: {fileID: 0}
    - target: {fileID: 239138384204404129, guid: fc1c6fe77cf6bf442913c0dc5ea5cd0d,
        type: 3}
      propertyPath: m_LocalRotation.w
      value: 0.96188545
      objectReference: {fileID: 0}
    - target: {fileID: 239138384204404129, guid: fc1c6fe77cf6bf442913c0dc5ea5cd0d,
        type: 3}
      propertyPath: m_RootOrder
      value: 0
      objectReference: {fileID: 0}
    - target: {fileID: 239138384204404129, guid: fc1c6fe77cf6bf442913c0dc5ea5cd0d,
        type: 3}
      propertyPath: m_LocalEulerAnglesHint.x
      value: 31.740002
      objectReference: {fileID: 0}
    - target: {fileID: 239138384204404129, guid: fc1c6fe77cf6bf442913c0dc5ea5cd0d,
        type: 3}
      propertyPath: m_LocalEulerAnglesHint.y
      value: 0
      objectReference: {fileID: 0}
    - target: {fileID: 239138384204404129, guid: fc1c6fe77cf6bf442913c0dc5ea5cd0d,
        type: 3}
      propertyPath: m_LocalEulerAnglesHint.z
      value: 0
      objectReference: {fileID: 0}
    - target: {fileID: 7289440190417707924, guid: fc1c6fe77cf6bf442913c0dc5ea5cd0d,
        type: 3}
      propertyPath: player
      value: 
      objectReference: {fileID: 511440605}
    - target: {fileID: 239138384204404159, guid: fc1c6fe77cf6bf442913c0dc5ea5cd0d,
        type: 3}
      propertyPath: m_Enabled
      value: 1
      objectReference: {fileID: 0}
    - target: {fileID: 392409153, guid: fc1c6fe77cf6bf442913c0dc5ea5cd0d, type: 3}
      propertyPath: rolloffMode
      value: 2
      objectReference: {fileID: 0}
    - target: {fileID: 392409153, guid: fc1c6fe77cf6bf442913c0dc5ea5cd0d, type: 3}
      propertyPath: rolloffCustomCurve.m_Curve.Array.data[0].time
      value: 0.002
      objectReference: {fileID: 0}
    - target: {fileID: 392409153, guid: fc1c6fe77cf6bf442913c0dc5ea5cd0d, type: 3}
      propertyPath: rolloffCustomCurve.m_Curve.Array.data[0].inWeight
      value: 0
      objectReference: {fileID: 0}
    - target: {fileID: 392409153, guid: fc1c6fe77cf6bf442913c0dc5ea5cd0d, type: 3}
      propertyPath: rolloffCustomCurve.m_Curve.Array.data[0].outWeight
      value: 0
      objectReference: {fileID: 0}
    - target: {fileID: 392409153, guid: fc1c6fe77cf6bf442913c0dc5ea5cd0d, type: 3}
      propertyPath: rolloffCustomCurve.m_Curve.Array.data[1].inSlope
      value: -1.002004
      objectReference: {fileID: 0}
    - target: {fileID: 392409153, guid: fc1c6fe77cf6bf442913c0dc5ea5cd0d, type: 3}
      propertyPath: rolloffCustomCurve.m_Curve.Array.data[1].outSlope
      value: -1.002004
      objectReference: {fileID: 0}
    - target: {fileID: 392409153, guid: fc1c6fe77cf6bf442913c0dc5ea5cd0d, type: 3}
      propertyPath: rolloffCustomCurve.m_Curve.Array.data[1].inWeight
      value: 0
      objectReference: {fileID: 0}
    - target: {fileID: 392409153, guid: fc1c6fe77cf6bf442913c0dc5ea5cd0d, type: 3}
      propertyPath: rolloffCustomCurve.m_Curve.Array.data[1].outWeight
      value: 0
      objectReference: {fileID: 0}
    m_RemovedComponents: []
  m_SourcePrefab: {fileID: 100100000, guid: fc1c6fe77cf6bf442913c0dc5ea5cd0d, type: 3}
--- !u!1001 &332853133675833698
PrefabInstance:
  m_ObjectHideFlags: 0
  serializedVersion: 2
  m_Modification:
    m_TransformParent: {fileID: 935294522}
    m_Modifications:
    - target: {fileID: 4946444280317985745, guid: e25ae9d3f755062449af76e394873636,
        type: 3}
      propertyPath: m_Name
      value: PatrolPath (3)
      objectReference: {fileID: 0}
    - target: {fileID: 888868876431505011, guid: e25ae9d3f755062449af76e394873636,
        type: 3}
      propertyPath: m_LocalPosition.x
      value: 3.65
      objectReference: {fileID: 0}
    - target: {fileID: 888868876431505011, guid: e25ae9d3f755062449af76e394873636,
        type: 3}
      propertyPath: m_LocalPosition.y
      value: 0.47
      objectReference: {fileID: 0}
    - target: {fileID: 888868876431505011, guid: e25ae9d3f755062449af76e394873636,
        type: 3}
      propertyPath: m_LocalPosition.z
      value: -14.3
      objectReference: {fileID: 0}
    - target: {fileID: 888868876431505011, guid: e25ae9d3f755062449af76e394873636,
        type: 3}
      propertyPath: m_LocalRotation.x
      value: -0
      objectReference: {fileID: 0}
    - target: {fileID: 888868876431505011, guid: e25ae9d3f755062449af76e394873636,
        type: 3}
      propertyPath: m_LocalRotation.y
      value: -0
      objectReference: {fileID: 0}
    - target: {fileID: 888868876431505011, guid: e25ae9d3f755062449af76e394873636,
        type: 3}
      propertyPath: m_LocalRotation.z
      value: -0
      objectReference: {fileID: 0}
    - target: {fileID: 888868876431505011, guid: e25ae9d3f755062449af76e394873636,
        type: 3}
      propertyPath: m_LocalRotation.w
      value: 1
      objectReference: {fileID: 0}
    - target: {fileID: 888868876431505011, guid: e25ae9d3f755062449af76e394873636,
        type: 3}
      propertyPath: m_RootOrder
      value: 3
      objectReference: {fileID: 0}
    - target: {fileID: 888868876431505011, guid: e25ae9d3f755062449af76e394873636,
        type: 3}
      propertyPath: m_LocalEulerAnglesHint.x
      value: 0
      objectReference: {fileID: 0}
    - target: {fileID: 888868876431505011, guid: e25ae9d3f755062449af76e394873636,
        type: 3}
      propertyPath: m_LocalEulerAnglesHint.y
      value: 0
      objectReference: {fileID: 0}
    - target: {fileID: 888868876431505011, guid: e25ae9d3f755062449af76e394873636,
        type: 3}
      propertyPath: m_LocalEulerAnglesHint.z
      value: 0
      objectReference: {fileID: 0}
    m_RemovedComponents: []
  m_SourcePrefab: {fileID: 100100000, guid: e25ae9d3f755062449af76e394873636, type: 3}
--- !u!1001 &782566349175740845
PrefabInstance:
  m_ObjectHideFlags: 0
  serializedVersion: 2
  m_Modification:
    m_TransformParent: {fileID: 935294522}
    m_Modifications:
    - target: {fileID: 5999813873489882393, guid: d5ed7b3a758b65449b7e949a76fb5313,
        type: 3}
      propertyPath: m_Name
      value: PatrolPath (2)
      objectReference: {fileID: 0}
    - target: {fileID: 6400223860818366824, guid: d5ed7b3a758b65449b7e949a76fb5313,
        type: 3}
      propertyPath: m_LocalPosition.x
      value: -11
      objectReference: {fileID: 0}
    - target: {fileID: 6400223860818366824, guid: d5ed7b3a758b65449b7e949a76fb5313,
        type: 3}
      propertyPath: m_LocalPosition.y
      value: 0.47
      objectReference: {fileID: 0}
    - target: {fileID: 6400223860818366824, guid: d5ed7b3a758b65449b7e949a76fb5313,
        type: 3}
      propertyPath: m_LocalPosition.z
      value: -10.1
      objectReference: {fileID: 0}
    - target: {fileID: 6400223860818366824, guid: d5ed7b3a758b65449b7e949a76fb5313,
        type: 3}
      propertyPath: m_LocalRotation.x
      value: -0
      objectReference: {fileID: 0}
    - target: {fileID: 6400223860818366824, guid: d5ed7b3a758b65449b7e949a76fb5313,
        type: 3}
      propertyPath: m_LocalRotation.y
      value: -0
      objectReference: {fileID: 0}
    - target: {fileID: 6400223860818366824, guid: d5ed7b3a758b65449b7e949a76fb5313,
        type: 3}
      propertyPath: m_LocalRotation.z
      value: -0
      objectReference: {fileID: 0}
    - target: {fileID: 6400223860818366824, guid: d5ed7b3a758b65449b7e949a76fb5313,
        type: 3}
      propertyPath: m_LocalRotation.w
      value: 1
      objectReference: {fileID: 0}
    - target: {fileID: 6400223860818366824, guid: d5ed7b3a758b65449b7e949a76fb5313,
        type: 3}
      propertyPath: m_RootOrder
      value: 2
      objectReference: {fileID: 0}
    - target: {fileID: 6400223860818366824, guid: d5ed7b3a758b65449b7e949a76fb5313,
        type: 3}
      propertyPath: m_LocalEulerAnglesHint.x
      value: 0
      objectReference: {fileID: 0}
    - target: {fileID: 6400223860818366824, guid: d5ed7b3a758b65449b7e949a76fb5313,
        type: 3}
      propertyPath: m_LocalEulerAnglesHint.y
      value: 0
      objectReference: {fileID: 0}
    - target: {fileID: 6400223860818366824, guid: d5ed7b3a758b65449b7e949a76fb5313,
        type: 3}
      propertyPath: m_LocalEulerAnglesHint.z
      value: 0
      objectReference: {fileID: 0}
    m_RemovedComponents: []
  m_SourcePrefab: {fileID: 100100000, guid: d5ed7b3a758b65449b7e949a76fb5313, type: 3}
--- !u!4 &888868876431505011 stripped
Transform:
  m_CorrespondingSourceObject: {fileID: 888868876431505011, guid: e25ae9d3f755062449af76e394873636,
    type: 3}
  m_PrefabInstance: {fileID: 332853133675833698}
  m_PrefabAsset: {fileID: 0}
--- !u!4 &954524912724800441 stripped
Transform:
  m_CorrespondingSourceObject: {fileID: 954524912724800441, guid: 8ef80ea83b713c5469e9cd0a207ca26c,
    type: 3}
  m_PrefabInstance: {fileID: 6282626163218614899}
  m_PrefabAsset: {fileID: 0}
--- !u!4 &1078350050770148394 stripped
Transform:
  m_CorrespondingSourceObject: {fileID: 1078350050770148394, guid: d5ed7b3a758b65449b7e949a76fb5313,
    type: 3}
  m_PrefabInstance: {fileID: 782566349175740845}
  m_PrefabAsset: {fileID: 0}
--- !u!1001 &1245160477623135395
PrefabInstance:
  m_ObjectHideFlags: 0
  serializedVersion: 2
  m_Modification:
    m_TransformParent: {fileID: 935294522}
    m_Modifications:
    - target: {fileID: 1245160476053343109, guid: a605479bd2d86454b9c5e33b4459e24d,
        type: 3}
      propertyPath: m_Name
      value: PatrolPath (0)
      objectReference: {fileID: 0}
    - target: {fileID: 1245160476053343108, guid: a605479bd2d86454b9c5e33b4459e24d,
        type: 3}
      propertyPath: m_LocalPosition.x
      value: -3.08
      objectReference: {fileID: 0}
    - target: {fileID: 1245160476053343108, guid: a605479bd2d86454b9c5e33b4459e24d,
        type: 3}
      propertyPath: m_LocalPosition.y
      value: 0.47
      objectReference: {fileID: 0}
    - target: {fileID: 1245160476053343108, guid: a605479bd2d86454b9c5e33b4459e24d,
        type: 3}
      propertyPath: m_LocalPosition.z
      value: -5.59
      objectReference: {fileID: 0}
    - target: {fileID: 1245160476053343108, guid: a605479bd2d86454b9c5e33b4459e24d,
        type: 3}
      propertyPath: m_LocalRotation.x
      value: -0
      objectReference: {fileID: 0}
    - target: {fileID: 1245160476053343108, guid: a605479bd2d86454b9c5e33b4459e24d,
        type: 3}
      propertyPath: m_LocalRotation.y
      value: -0
      objectReference: {fileID: 0}
    - target: {fileID: 1245160476053343108, guid: a605479bd2d86454b9c5e33b4459e24d,
        type: 3}
      propertyPath: m_LocalRotation.z
      value: -0
      objectReference: {fileID: 0}
    - target: {fileID: 1245160476053343108, guid: a605479bd2d86454b9c5e33b4459e24d,
        type: 3}
      propertyPath: m_LocalRotation.w
      value: 1
      objectReference: {fileID: 0}
    - target: {fileID: 1245160476053343108, guid: a605479bd2d86454b9c5e33b4459e24d,
        type: 3}
      propertyPath: m_RootOrder
      value: 0
      objectReference: {fileID: 0}
    - target: {fileID: 1245160476053343108, guid: a605479bd2d86454b9c5e33b4459e24d,
        type: 3}
      propertyPath: m_LocalEulerAnglesHint.x
      value: 0
      objectReference: {fileID: 0}
    - target: {fileID: 1245160476053343108, guid: a605479bd2d86454b9c5e33b4459e24d,
        type: 3}
      propertyPath: m_LocalEulerAnglesHint.y
      value: 0
      objectReference: {fileID: 0}
    - target: {fileID: 1245160476053343108, guid: a605479bd2d86454b9c5e33b4459e24d,
        type: 3}
      propertyPath: m_LocalEulerAnglesHint.z
      value: 0
      objectReference: {fileID: 0}
    m_RemovedComponents: []
  m_SourcePrefab: {fileID: 100100000, guid: a605479bd2d86454b9c5e33b4459e24d, type: 3}
--- !u!1001 &1449851882820897520
PrefabInstance:
  m_ObjectHideFlags: 0
  serializedVersion: 2
  m_Modification:
    m_TransformParent: {fileID: 0}
    m_Modifications:
    - target: {fileID: 1449851884457334969, guid: b610e2c17efac094ba30a520d2226850,
        type: 3}
      propertyPath: m_Name
      value: Environment
      objectReference: {fileID: 0}
    - target: {fileID: 1449851884457334970, guid: b610e2c17efac094ba30a520d2226850,
        type: 3}
      propertyPath: m_LocalPosition.x
      value: 0
      objectReference: {fileID: 0}
    - target: {fileID: 1449851884457334970, guid: b610e2c17efac094ba30a520d2226850,
        type: 3}
      propertyPath: m_LocalPosition.y
      value: 0
      objectReference: {fileID: 0}
    - target: {fileID: 1449851884457334970, guid: b610e2c17efac094ba30a520d2226850,
        type: 3}
      propertyPath: m_LocalPosition.z
      value: 0
      objectReference: {fileID: 0}
    - target: {fileID: 1449851884457334970, guid: b610e2c17efac094ba30a520d2226850,
        type: 3}
      propertyPath: m_LocalRotation.x
      value: 0
      objectReference: {fileID: 0}
    - target: {fileID: 1449851884457334970, guid: b610e2c17efac094ba30a520d2226850,
        type: 3}
      propertyPath: m_LocalRotation.y
      value: 0
      objectReference: {fileID: 0}
    - target: {fileID: 1449851884457334970, guid: b610e2c17efac094ba30a520d2226850,
        type: 3}
      propertyPath: m_LocalRotation.z
      value: 0
      objectReference: {fileID: 0}
    - target: {fileID: 1449851884457334970, guid: b610e2c17efac094ba30a520d2226850,
        type: 3}
      propertyPath: m_LocalRotation.w
      value: 1
      objectReference: {fileID: 0}
    - target: {fileID: 1449851884457334970, guid: b610e2c17efac094ba30a520d2226850,
        type: 3}
      propertyPath: m_RootOrder
      value: 5
      objectReference: {fileID: 0}
    - target: {fileID: 1449851884457334970, guid: b610e2c17efac094ba30a520d2226850,
        type: 3}
      propertyPath: m_LocalEulerAnglesHint.x
      value: 0
      objectReference: {fileID: 0}
    - target: {fileID: 1449851884457334970, guid: b610e2c17efac094ba30a520d2226850,
        type: 3}
      propertyPath: m_LocalEulerAnglesHint.y
      value: 0
      objectReference: {fileID: 0}
    - target: {fileID: 1449851884457334970, guid: b610e2c17efac094ba30a520d2226850,
        type: 3}
      propertyPath: m_LocalEulerAnglesHint.z
      value: 0
      objectReference: {fileID: 0}
    m_RemovedComponents: []
  m_SourcePrefab: {fileID: 100100000, guid: b610e2c17efac094ba30a520d2226850, type: 3}
--- !u!4 &1472622253913851909 stripped
Transform:
  m_CorrespondingSourceObject: {fileID: 1472622253913851909, guid: 8ef80ea83b713c5469e9cd0a207ca26c,
    type: 3}
  m_PrefabInstance: {fileID: 6282626163218614899}
  m_PrefabAsset: {fileID: 0}
--- !u!4 &2996821410764998750 stripped
Transform:
  m_CorrespondingSourceObject: {fileID: 2996821410764998750, guid: e25ae9d3f755062449af76e394873636,
    type: 3}
  m_PrefabInstance: {fileID: 332853133675833698}
  m_PrefabAsset: {fileID: 0}
--- !u!4 &3002198113929357552 stripped
Transform:
  m_CorrespondingSourceObject: {fileID: 3002198113929357552, guid: 8ef80ea83b713c5469e9cd0a207ca26c,
    type: 3}
  m_PrefabInstance: {fileID: 6282626163218614899}
  m_PrefabAsset: {fileID: 0}
--- !u!4 &3755377391007953641 stripped
Transform:
  m_CorrespondingSourceObject: {fileID: 3755377391007953641, guid: 8ef80ea83b713c5469e9cd0a207ca26c,
    type: 3}
  m_PrefabInstance: {fileID: 6282626163218614899}
  m_PrefabAsset: {fileID: 0}
--- !u!4 &4105356005356156897 stripped
Transform:
  m_CorrespondingSourceObject: {fileID: 4105356005356156897, guid: 9e564519a383b984c8a5370c55b6c0dd,
    type: 3}
  m_PrefabInstance: {fileID: 8823193650712745627}
  m_PrefabAsset: {fileID: 0}
--- !u!1001 &4642997545903179414
PrefabInstance:
  m_ObjectHideFlags: 0
  serializedVersion: 2
  m_Modification:
    m_TransformParent: {fileID: 0}
    m_Modifications:
    - target: {fileID: 1928244954057134, guid: 4efdc095f88074e53a4f28617077b108, type: 3}
      propertyPath: m_Name
      value: PlayerBot
      objectReference: {fileID: 0}
    - target: {fileID: 4832031578413854, guid: 4efdc095f88074e53a4f28617077b108, type: 3}
      propertyPath: m_LocalPosition.x
      value: 0.8999958
      objectReference: {fileID: 0}
    - target: {fileID: 4832031578413854, guid: 4efdc095f88074e53a4f28617077b108, type: 3}
      propertyPath: m_LocalPosition.y
      value: 0.10999966
      objectReference: {fileID: 0}
    - target: {fileID: 4832031578413854, guid: 4efdc095f88074e53a4f28617077b108, type: 3}
      propertyPath: m_LocalPosition.z
      value: -8.279997
      objectReference: {fileID: 0}
    - target: {fileID: 4832031578413854, guid: 4efdc095f88074e53a4f28617077b108, type: 3}
      propertyPath: m_LocalRotation.x
      value: 0
      objectReference: {fileID: 0}
    - target: {fileID: 4832031578413854, guid: 4efdc095f88074e53a4f28617077b108, type: 3}
      propertyPath: m_LocalRotation.y
      value: 0
      objectReference: {fileID: 0}
    - target: {fileID: 4832031578413854, guid: 4efdc095f88074e53a4f28617077b108, type: 3}
      propertyPath: m_LocalRotation.z
      value: 0
      objectReference: {fileID: 0}
    - target: {fileID: 4832031578413854, guid: 4efdc095f88074e53a4f28617077b108, type: 3}
      propertyPath: m_LocalRotation.w
      value: 1
      objectReference: {fileID: 0}
    - target: {fileID: 4832031578413854, guid: 4efdc095f88074e53a4f28617077b108, type: 3}
      propertyPath: m_RootOrder
      value: 1
      objectReference: {fileID: 0}
    - target: {fileID: 4832031578413854, guid: 4efdc095f88074e53a4f28617077b108, type: 3}
      propertyPath: m_LocalEulerAnglesHint.x
      value: 0
      objectReference: {fileID: 0}
    - target: {fileID: 4832031578413854, guid: 4efdc095f88074e53a4f28617077b108, type: 3}
      propertyPath: m_LocalEulerAnglesHint.y
      value: 0
      objectReference: {fileID: 0}
    - target: {fileID: 4832031578413854, guid: 4efdc095f88074e53a4f28617077b108, type: 3}
      propertyPath: m_LocalEulerAnglesHint.z
      value: 0
      objectReference: {fileID: 0}
    - target: {fileID: 1928244954057135, guid: 4efdc095f88074e53a4f28617077b108, type: 3}
      propertyPath: joyLeft
      value: 
      objectReference: {fileID: 1211229446}
    - target: {fileID: 1928244954057135, guid: 4efdc095f88074e53a4f28617077b108, type: 3}
      propertyPath: joyRight
      value: 
      objectReference: {fileID: 1851241420}
    m_RemovedComponents: []
  m_SourcePrefab: {fileID: 100100000, guid: 4efdc095f88074e53a4f28617077b108, type: 3}
--- !u!4 &5830631967186064708 stripped
Transform:
  m_CorrespondingSourceObject: {fileID: 5830631967186064708, guid: 9e564519a383b984c8a5370c55b6c0dd,
    type: 3}
  m_PrefabInstance: {fileID: 8823193650712745627}
  m_PrefabAsset: {fileID: 0}
--- !u!1001 &6282626163218614899
PrefabInstance:
  m_ObjectHideFlags: 0
  serializedVersion: 2
  m_Modification:
    m_TransformParent: {fileID: 935294522}
    m_Modifications:
    - target: {fileID: 1014596631890783168, guid: 8ef80ea83b713c5469e9cd0a207ca26c,
        type: 3}
      propertyPath: m_Name
      value: PatrolPath (1)
      objectReference: {fileID: 0}
    - target: {fileID: 1472622253913851909, guid: 8ef80ea83b713c5469e9cd0a207ca26c,
        type: 3}
      propertyPath: m_LocalPosition.x
      value: -5.77
      objectReference: {fileID: 0}
    - target: {fileID: 1472622253913851909, guid: 8ef80ea83b713c5469e9cd0a207ca26c,
        type: 3}
      propertyPath: m_LocalPosition.y
      value: 0.47
      objectReference: {fileID: 0}
    - target: {fileID: 1472622253913851909, guid: 8ef80ea83b713c5469e9cd0a207ca26c,
        type: 3}
      propertyPath: m_LocalPosition.z
      value: -11.06
      objectReference: {fileID: 0}
    - target: {fileID: 1472622253913851909, guid: 8ef80ea83b713c5469e9cd0a207ca26c,
        type: 3}
      propertyPath: m_LocalRotation.x
      value: -0
      objectReference: {fileID: 0}
    - target: {fileID: 1472622253913851909, guid: 8ef80ea83b713c5469e9cd0a207ca26c,
        type: 3}
      propertyPath: m_LocalRotation.y
      value: -0
      objectReference: {fileID: 0}
    - target: {fileID: 1472622253913851909, guid: 8ef80ea83b713c5469e9cd0a207ca26c,
        type: 3}
      propertyPath: m_LocalRotation.z
      value: -0
      objectReference: {fileID: 0}
    - target: {fileID: 1472622253913851909, guid: 8ef80ea83b713c5469e9cd0a207ca26c,
        type: 3}
      propertyPath: m_LocalRotation.w
      value: 1
      objectReference: {fileID: 0}
    - target: {fileID: 1472622253913851909, guid: 8ef80ea83b713c5469e9cd0a207ca26c,
        type: 3}
      propertyPath: m_RootOrder
      value: 1
      objectReference: {fileID: 0}
    - target: {fileID: 1472622253913851909, guid: 8ef80ea83b713c5469e9cd0a207ca26c,
        type: 3}
      propertyPath: m_LocalEulerAnglesHint.x
      value: 0
      objectReference: {fileID: 0}
    - target: {fileID: 1472622253913851909, guid: 8ef80ea83b713c5469e9cd0a207ca26c,
        type: 3}
      propertyPath: m_LocalEulerAnglesHint.y
      value: 0
      objectReference: {fileID: 0}
    - target: {fileID: 1472622253913851909, guid: 8ef80ea83b713c5469e9cd0a207ca26c,
        type: 3}
      propertyPath: m_LocalEulerAnglesHint.z
      value: 0
      objectReference: {fileID: 0}
    - target: {fileID: 3755377391007953641, guid: 8ef80ea83b713c5469e9cd0a207ca26c,
        type: 3}
      propertyPath: m_LocalPosition.z
      value: -1.85
      objectReference: {fileID: 0}
    - target: {fileID: 3755377391007953641, guid: 8ef80ea83b713c5469e9cd0a207ca26c,
        type: 3}
      propertyPath: m_LocalPosition.x
      value: 2.42
      objectReference: {fileID: 0}
    m_RemovedComponents: []
  m_SourcePrefab: {fileID: 100100000, guid: 8ef80ea83b713c5469e9cd0a207ca26c, type: 3}
--- !u!4 &6400223860818366824 stripped
Transform:
  m_CorrespondingSourceObject: {fileID: 6400223860818366824, guid: d5ed7b3a758b65449b7e949a76fb5313,
    type: 3}
  m_PrefabInstance: {fileID: 782566349175740845}
  m_PrefabAsset: {fileID: 0}
--- !u!4 &6439795184602390740 stripped
Transform:
  m_CorrespondingSourceObject: {fileID: 6439795184602390740, guid: e25ae9d3f755062449af76e394873636,
    type: 3}
  m_PrefabInstance: {fileID: 332853133675833698}
  m_PrefabAsset: {fileID: 0}
--- !u!4 &7162307405012254061 stripped
Transform:
  m_CorrespondingSourceObject: {fileID: 7162307405012254061, guid: 8ef80ea83b713c5469e9cd0a207ca26c,
    type: 3}
  m_PrefabInstance: {fileID: 6282626163218614899}
  m_PrefabAsset: {fileID: 0}
--- !u!4 &7203225184613885859 stripped
Transform:
  m_CorrespondingSourceObject: {fileID: 7203225184613885859, guid: d5ed7b3a758b65449b7e949a76fb5313,
    type: 3}
  m_PrefabInstance: {fileID: 782566349175740845}
  m_PrefabAsset: {fileID: 0}
--- !u!4 &7307386428969549685 stripped
Transform:
  m_CorrespondingSourceObject: {fileID: 7307386428969549685, guid: 8ef80ea83b713c5469e9cd0a207ca26c,
    type: 3}
  m_PrefabInstance: {fileID: 6282626163218614899}
  m_PrefabAsset: {fileID: 0}
--- !u!4 &7328072197554331608 stripped
Transform:
  m_CorrespondingSourceObject: {fileID: 7328072197554331608, guid: 8ef80ea83b713c5469e9cd0a207ca26c,
    type: 3}
  m_PrefabInstance: {fileID: 6282626163218614899}
  m_PrefabAsset: {fileID: 0}
--- !u!4 &7997498496085653932 stripped
Transform:
  m_CorrespondingSourceObject: {fileID: 7997498496085653932, guid: 9e564519a383b984c8a5370c55b6c0dd,
    type: 3}
  m_PrefabInstance: {fileID: 8823193650712745627}
  m_PrefabAsset: {fileID: 0}
--- !u!4 &8259560801502051539 stripped
Transform:
  m_CorrespondingSourceObject: {fileID: 8259560801502051539, guid: 9e564519a383b984c8a5370c55b6c0dd,
    type: 3}
  m_PrefabInstance: {fileID: 8823193650712745627}
  m_PrefabAsset: {fileID: 0}
--- !u!4 &8380797812727036324 stripped
Transform:
  m_CorrespondingSourceObject: {fileID: 8380797812727036324, guid: 8ef80ea83b713c5469e9cd0a207ca26c,
    type: 3}
  m_PrefabInstance: {fileID: 6282626163218614899}
  m_PrefabAsset: {fileID: 0}
--- !u!4 &8434296226726223407 stripped
Transform:
  m_CorrespondingSourceObject: {fileID: 8434296226726223407, guid: 9e564519a383b984c8a5370c55b6c0dd,
    type: 3}
  m_PrefabInstance: {fileID: 8823193650712745627}
  m_PrefabAsset: {fileID: 0}
--- !u!1001 &8823193650712745627
PrefabInstance:
  m_ObjectHideFlags: 0
  serializedVersion: 2
  m_Modification:
    m_TransformParent: {fileID: 935294522}
    m_Modifications:
    - target: {fileID: 6595884592076729836, guid: 9e564519a383b984c8a5370c55b6c0dd,
        type: 3}
      propertyPath: m_Name
      value: PatrolPath (4)
      objectReference: {fileID: 0}
    - target: {fileID: 5830631967186064708, guid: 9e564519a383b984c8a5370c55b6c0dd,
        type: 3}
      propertyPath: m_LocalPosition.x
      value: 6.3
      objectReference: {fileID: 0}
    - target: {fileID: 5830631967186064708, guid: 9e564519a383b984c8a5370c55b6c0dd,
        type: 3}
      propertyPath: m_LocalPosition.y
      value: 0.47
      objectReference: {fileID: 0}
    - target: {fileID: 5830631967186064708, guid: 9e564519a383b984c8a5370c55b6c0dd,
        type: 3}
      propertyPath: m_LocalPosition.z
      value: -6.05
      objectReference: {fileID: 0}
    - target: {fileID: 5830631967186064708, guid: 9e564519a383b984c8a5370c55b6c0dd,
        type: 3}
      propertyPath: m_LocalRotation.x
      value: -0
      objectReference: {fileID: 0}
    - target: {fileID: 5830631967186064708, guid: 9e564519a383b984c8a5370c55b6c0dd,
        type: 3}
      propertyPath: m_LocalRotation.y
      value: -0
      objectReference: {fileID: 0}
    - target: {fileID: 5830631967186064708, guid: 9e564519a383b984c8a5370c55b6c0dd,
        type: 3}
      propertyPath: m_LocalRotation.z
      value: -0
      objectReference: {fileID: 0}
    - target: {fileID: 5830631967186064708, guid: 9e564519a383b984c8a5370c55b6c0dd,
        type: 3}
      propertyPath: m_LocalRotation.w
      value: 1
      objectReference: {fileID: 0}
    - target: {fileID: 5830631967186064708, guid: 9e564519a383b984c8a5370c55b6c0dd,
        type: 3}
      propertyPath: m_RootOrder
      value: 4
      objectReference: {fileID: 0}
    - target: {fileID: 5830631967186064708, guid: 9e564519a383b984c8a5370c55b6c0dd,
        type: 3}
      propertyPath: m_LocalEulerAnglesHint.x
      value: 0
      objectReference: {fileID: 0}
    - target: {fileID: 5830631967186064708, guid: 9e564519a383b984c8a5370c55b6c0dd,
        type: 3}
      propertyPath: m_LocalEulerAnglesHint.y
      value: 0
      objectReference: {fileID: 0}
    - target: {fileID: 5830631967186064708, guid: 9e564519a383b984c8a5370c55b6c0dd,
        type: 3}
      propertyPath: m_LocalEulerAnglesHint.z
      value: 0
      objectReference: {fileID: 0}
    m_RemovedComponents: []
  m_SourcePrefab: {fileID: 100100000, guid: 9e564519a383b984c8a5370c55b6c0dd, type: 3}
--- !u!1001 &8902602481216453231
PrefabInstance:
  m_ObjectHideFlags: 0
  serializedVersion: 2
  m_Modification:
    m_TransformParent: {fileID: 0}
    m_Modifications:
    - target: {fileID: 8902602481115503055, guid: 7258ffb1195d4dc4695f8c1af3d72646,
        type: 3}
      propertyPath: m_Name
      value: PlayerUI
      objectReference: {fileID: 0}
    - target: {fileID: 2464635851713501413, guid: 7258ffb1195d4dc4695f8c1af3d72646,
        type: 3}
      propertyPath: m_havePropertiesChanged
      value: 1
      objectReference: {fileID: 0}
    - target: {fileID: 2464635851713501413, guid: 7258ffb1195d4dc4695f8c1af3d72646,
        type: 3}
      propertyPath: m_isInputParsingRequired
      value: 1
      objectReference: {fileID: 0}
    - target: {fileID: 8902602481115503051, guid: 7258ffb1195d4dc4695f8c1af3d72646,
        type: 3}
      propertyPath: m_LocalPosition.x
      value: 0
      objectReference: {fileID: 0}
    - target: {fileID: 8902602481115503051, guid: 7258ffb1195d4dc4695f8c1af3d72646,
        type: 3}
      propertyPath: m_LocalPosition.y
      value: 0
      objectReference: {fileID: 0}
    - target: {fileID: 8902602481115503051, guid: 7258ffb1195d4dc4695f8c1af3d72646,
        type: 3}
      propertyPath: m_LocalPosition.z
      value: 0
      objectReference: {fileID: 0}
    - target: {fileID: 8902602481115503051, guid: 7258ffb1195d4dc4695f8c1af3d72646,
        type: 3}
      propertyPath: m_LocalRotation.x
      value: 0
      objectReference: {fileID: 0}
    - target: {fileID: 8902602481115503051, guid: 7258ffb1195d4dc4695f8c1af3d72646,
        type: 3}
      propertyPath: m_LocalRotation.y
      value: 0
      objectReference: {fileID: 0}
    - target: {fileID: 8902602481115503051, guid: 7258ffb1195d4dc4695f8c1af3d72646,
        type: 3}
      propertyPath: m_LocalRotation.z
      value: 0
      objectReference: {fileID: 0}
    - target: {fileID: 8902602481115503051, guid: 7258ffb1195d4dc4695f8c1af3d72646,
        type: 3}
      propertyPath: m_LocalRotation.w
      value: 1
      objectReference: {fileID: 0}
    - target: {fileID: 8902602481115503051, guid: 7258ffb1195d4dc4695f8c1af3d72646,
        type: 3}
      propertyPath: m_RootOrder
      value: 2
      objectReference: {fileID: 0}
    - target: {fileID: 8902602481115503051, guid: 7258ffb1195d4dc4695f8c1af3d72646,
        type: 3}
      propertyPath: m_LocalEulerAnglesHint.x
      value: 0
      objectReference: {fileID: 0}
    - target: {fileID: 8902602481115503051, guid: 7258ffb1195d4dc4695f8c1af3d72646,
        type: 3}
      propertyPath: m_LocalEulerAnglesHint.y
      value: 0
      objectReference: {fileID: 0}
    - target: {fileID: 8902602481115503051, guid: 7258ffb1195d4dc4695f8c1af3d72646,
        type: 3}
      propertyPath: m_LocalEulerAnglesHint.z
      value: 0
      objectReference: {fileID: 0}
    - target: {fileID: 8902602481115503051, guid: 7258ffb1195d4dc4695f8c1af3d72646,
        type: 3}
      propertyPath: m_AnchoredPosition.x
      value: 0
      objectReference: {fileID: 0}
    - target: {fileID: 8902602481115503051, guid: 7258ffb1195d4dc4695f8c1af3d72646,
        type: 3}
      propertyPath: m_AnchoredPosition.y
      value: 0
      objectReference: {fileID: 0}
    - target: {fileID: 8902602481115503051, guid: 7258ffb1195d4dc4695f8c1af3d72646,
        type: 3}
      propertyPath: m_SizeDelta.x
      value: 0
      objectReference: {fileID: 0}
    - target: {fileID: 8902602481115503051, guid: 7258ffb1195d4dc4695f8c1af3d72646,
        type: 3}
      propertyPath: m_SizeDelta.y
      value: 0
      objectReference: {fileID: 0}
    - target: {fileID: 8902602481115503051, guid: 7258ffb1195d4dc4695f8c1af3d72646,
        type: 3}
      propertyPath: m_AnchorMin.x
      value: 0
      objectReference: {fileID: 0}
    - target: {fileID: 8902602481115503051, guid: 7258ffb1195d4dc4695f8c1af3d72646,
        type: 3}
      propertyPath: m_AnchorMin.y
      value: 0
      objectReference: {fileID: 0}
    - target: {fileID: 8902602481115503051, guid: 7258ffb1195d4dc4695f8c1af3d72646,
        type: 3}
      propertyPath: m_AnchorMax.x
      value: 0
      objectReference: {fileID: 0}
    - target: {fileID: 8902602481115503051, guid: 7258ffb1195d4dc4695f8c1af3d72646,
        type: 3}
      propertyPath: m_AnchorMax.y
      value: 0
      objectReference: {fileID: 0}
    - target: {fileID: 8902602481115503051, guid: 7258ffb1195d4dc4695f8c1af3d72646,
        type: 3}
      propertyPath: m_Pivot.x
      value: 0
      objectReference: {fileID: 0}
    - target: {fileID: 8902602481115503051, guid: 7258ffb1195d4dc4695f8c1af3d72646,
        type: 3}
      propertyPath: m_Pivot.y
      value: 0
      objectReference: {fileID: 0}
    m_RemovedComponents: []
  m_SourcePrefab: {fileID: 100100000, guid: 7258ffb1195d4dc4695f8c1af3d72646, type: 3}
--- !u!1001 &9073397429525939431
PrefabInstance:
  m_ObjectHideFlags: 0
  serializedVersion: 2
  m_Modification:
    m_TransformParent: {fileID: 0}
    m_Modifications:
    - target: {fileID: 9073397430511930966, guid: 4df249d6b07dde342b1a5e64833e150c,
        type: 3}
      propertyPath: m_Name
      value: Drone
      objectReference: {fileID: 0}
    - target: {fileID: 9073397430511930963, guid: 4df249d6b07dde342b1a5e64833e150c,
        type: 3}
      propertyPath: m_LocalPosition.x
      value: -3.06
      objectReference: {fileID: 0}
    - target: {fileID: 9073397430511930963, guid: 4df249d6b07dde342b1a5e64833e150c,
        type: 3}
      propertyPath: m_LocalPosition.y
      value: 0.542
      objectReference: {fileID: 0}
    - target: {fileID: 9073397430511930963, guid: 4df249d6b07dde342b1a5e64833e150c,
        type: 3}
      propertyPath: m_LocalPosition.z
      value: -5.663
      objectReference: {fileID: 0}
    - target: {fileID: 9073397430511930963, guid: 4df249d6b07dde342b1a5e64833e150c,
        type: 3}
      propertyPath: m_LocalRotation.x
      value: 0
      objectReference: {fileID: 0}
    - target: {fileID: 9073397430511930963, guid: 4df249d6b07dde342b1a5e64833e150c,
        type: 3}
      propertyPath: m_LocalRotation.y
      value: 0
      objectReference: {fileID: 0}
    - target: {fileID: 9073397430511930963, guid: 4df249d6b07dde342b1a5e64833e150c,
        type: 3}
      propertyPath: m_LocalRotation.z
      value: 0
      objectReference: {fileID: 0}
    - target: {fileID: 9073397430511930963, guid: 4df249d6b07dde342b1a5e64833e150c,
        type: 3}
      propertyPath: m_LocalRotation.w
      value: 1
      objectReference: {fileID: 0}
    - target: {fileID: 9073397430511930963, guid: 4df249d6b07dde342b1a5e64833e150c,
        type: 3}
      propertyPath: m_RootOrder
      value: 6
      objectReference: {fileID: 0}
    - target: {fileID: 9073397430511930963, guid: 4df249d6b07dde342b1a5e64833e150c,
        type: 3}
      propertyPath: m_LocalEulerAnglesHint.x
      value: 0
      objectReference: {fileID: 0}
    - target: {fileID: 9073397430511930963, guid: 4df249d6b07dde342b1a5e64833e150c,
        type: 3}
      propertyPath: m_LocalEulerAnglesHint.y
      value: 0
      objectReference: {fileID: 0}
    - target: {fileID: 9073397430511930963, guid: 4df249d6b07dde342b1a5e64833e150c,
        type: 3}
      propertyPath: m_LocalEulerAnglesHint.z
      value: 0
      objectReference: {fileID: 0}
    - target: {fileID: 9073397430511930964, guid: 4df249d6b07dde342b1a5e64833e150c,
        type: 3}
      propertyPath: patrolPath.Array.data[0]
      value: 
      objectReference: {fileID: 1469843223}
    - target: {fileID: 9073397430511930964, guid: 4df249d6b07dde342b1a5e64833e150c,
        type: 3}
      propertyPath: patrolPath.Array.data[1]
      value: 
      objectReference: {fileID: 587888538}
    m_RemovedComponents: []
  m_SourcePrefab: {fileID: 100100000, guid: 4df249d6b07dde342b1a5e64833e150c, type: 3}
